<?xml version="1.0" encoding="UTF-8"?><collection xmlns="http://www.loc.gov/MARC21/slim"><record><leader>00310nam--2200121-i-4500</leader><controlfield tag="001">000049068</controlfield><controlfield tag="002">20161230</controlfield><controlfield tag="005">20161230201047</controlfield><controlfield tag="008">060222s1000------------r-----000-0-eng-d</controlfield><datafield ind1=" " ind2=" " tag="080"><subfield code="a">061.3:621.039.8</subfield></datafield><datafield ind1=" " ind2=" " tag="245"><subfield code="a">Radioisotopes in hydrology</subfield></datafield><datafield ind1=" " ind2=" " tag="260"><subfield code="a">Vienna, Intern.Atomic Energy Agency, 1963, 459p</subfield></datafield><datafield ind1=" " ind2=" " tag="852"><subfield code="a">12777</subfield></datafield></record></collection>